 @misc{wiki:carcassonne,
  author = {{Wikipedia contributors}},
  title  = {Carcassonne (board game) --- {Wikipedia}{,} The Free Encyclopedia},
  year   = {2024},
  url    = {https://en.wikipedia.org/w/index.php?title=Carcassonne_(board_game)&oldid=1254238483},
  note   = {[Online; accessed 19-January-2025]}
}

  @misc{wiki:patchwork,
  author = {{Wikipedia contributors}},
  title  = {Patchwork (board game) --- {Wikipedia}{,} The Free Encyclopedia},
  year   = {2024},
  url    = {https://en.wikipedia.org/w/index.php?title=Patchwork_(board_game)&oldid=1212675183},
  note   = {[Online; accessed 19-January-2025]}
}

@misc{wiki:kingdomino,
  author = {{Wikipedia contributors}},
  title  = {Kingdomino --- {Wikipedia}{,} The Free Encyclopedia},
  year   = {2024},
  url    = {https://en.wikipedia.org/w/index.php?title=Kingdomino&oldid=1243538299},
  note   = {[Online; accessed 19-January-2025]}
}

@misc{wiki:floodfill,
  author = {{Wikipedia contributors}},
  title  = {Flood fill --- {Wikipedia}{,} The Free Encyclopedia},
  year   = {2024},
  url    = {https://en.wikipedia.org/wiki/Flood_fill#Stack-based_recursive_implementation_(four-way)},
  note   = {[Online; accessed 19-January-2025]}
}

  @misc{wiki:graphtraversal,
  author = {{Wikipedia contributors}},
  title  = {Graph traversal --- {Wikipedia}{,} The Free Encyclopedia},
  year   = {2024},
  url    = {https://en.wikipedia.org/w/index.php?title=Graph_traversal&oldid=1250833600},
  note   = {[Online; accessed 19-January-2025]}
}

  @misc{wiki:eventdriven,
  author       = {{Wikipedia contributors}},
  title        = {Event-driven architecture --- {Wikipedia}{,} The Free Encyclopedia},
  year         = {2024},
  howpublished = {\url{https://en.wikipedia.org/w/index.php?title=Event-driven_architecture&oldid=1262812523}},
  note         = {[Online; accessed 19-January-2025]}
}

  @misc{wiki:balatro,
  author = {{Wikipedia contributors}},
  title  = {Balatro (video game) --- {Wikipedia}{,} The Free Encyclopedia},
  year   = {2025},
  url    = {https://en.wikipedia.org/w/index.php?title=Balatro_(video_game)&oldid=1270307614},
  note   = {[Online; accessed 19-January-2025]}
}

@misc{libgdx,
  title        = {LibGDX: A Java Game Development Framework},
  howpublished = {\url{https://libgdx.com/}}
}

 @misc{wiki:textureatlas,
  author = {{Wikipedia contributors}},
  title  = {Texture atlas --- {Wikipedia}{,} The Free Encyclopedia},
  year   = {2024},
  url    = {https://en.wikipedia.org/w/index.php?title=Texture_atlas&oldid=1256529720},
  note   = {[Online; accessed 19-January-2025]}
}

 @misc{wiki:ecs,
  author = {{Wikipedia contributors}},
  title  = {Entity component system --- {Wikipedia}{,} The Free Encyclopedia},
  year   = {2024},
  url    = {https://en.wikipedia.org/w/index.php?title=Entity_component_system&oldid=1265223349},
  note   = {[Online; accessed 19-January-2025]}
}